
<record>
  <controlfield tag="001">420962</controlfield>
  <datafield tag="024" ind1="7" ind2=" ">
    <subfield code="a">10.1103/PhysRevLett.77.5000</subfield>
    <subfield code="2">DOI</subfield>
  </datafield>
  <datafield tag="035" ind1=" " ind2=" ">
    <subfield code="z">D96-18480</subfield>
    <subfield code="9">DESY</subfield>
  </datafield>
  <datafield tag="035" ind1=" " ind2=" ">
    <subfield code="a">Alexander:1996qu</subfield>
    <subfield code="9">SPIRESTeX</subfield>
  </datafield>
  <datafield tag="037" ind1=" " ind2=" ">
    <subfield code="a">CLNS-96-1419</subfield>
  </datafield>
  <datafield tag="037" ind1=" " ind2=" ">
    <subfield code="a">CLEO-96-9</subfield>
  </datafield>
  <datafield tag="037" ind1=" " ind2=" ">
    <subfield code="a">SLAC-PUB-9869</subfield>
  </datafield>
  <datafield tag="245" ind1=" " ind2=" ">
    <subfield code="a">First measurement of the B ---&gt; pi lepton neutrino and B ---&gt; rho (omega) lepton neutrino branching fractions</subfield>
  </datafield>
  <datafield tag="710" ind1=" " ind2=" ">
    <subfield code="g">CLEO</subfield>
  </datafield>
</record>